@online{cwe703,
  title={Common Weakness Enumeration},
  subtitle={CWE-703: Improper Check or Handling of Exceptional Conditions},
  url={https://cwe.mitre.org/data/definitions/703.html},
  urldate={2021-12-31},
  language={english},
  media={eresource}
}

@inproceedings{shelekhov1999data,
  title={Data flow analysis of Java programs in the presence of exceptions},
  author={Shelekhov, Vladimir I and Kuksenko, Sergey V},
  booktitle={International Andrei Ershov Memorial Conference on Perspectives of System Informatics},
  pages={389--395},
  year={1999},
  organization={Springer}
}
